<html>
<head><title>Communicative Format  of Russia. Examples for fields 001 - 250. </title></head>
<body bgcolor="ffffff" link="ff0000" vlink="ff00ff">
<H3><CENTER><FONT COLOR="#c71585" size=-2>МИНИСТЕРСТВО КУЛЬТУРЫ РОССИЙСКОЙ ФЕДЕРАЦИИ<br>
РОССИЙСКАЯ БИБЛИОТЕЧНАЯ АССОЦИАЦИЯ
</font></CENTER></H3>

<CENTER>
<table width="90%">
<tr><td align=center><small><font color=#800080>
<b>РОССИЙСКИЙ КОММУНИКАТИВНЫЙ ФОРМАТ <br>
ПРЕДСТАВЛЕНИЯ АВТОРИТЕТНЫХ / НОРМАТИВНЫХ ЗАПИСЕЙ 
В МАШИНОЧИТАЕМОЙ ФОРМЕ 
</b></font></small>
<p>

<b>Примеры</b>
<p>
<hr>
</td></tr>
<tr><td>
<p><small>
<a name="p001"><big><b>0-- БЛОК ИДЕНТИФИКАЦИИ</b></big></a>
<p><b>001 ИДЕНТИФИКАТОР ЗАПИСИ</b>
<p><dl><dt>Пример 1.
<p><dd>001 78-34279

<P><dt>Пример 2.

<p><dd>001 n_ _ 82-003762_
</dl>
<p>
<hr>
<p>
<A NAME="p005"><B>005 ИДЕНТИФИКАТОР ВЕРСИИ</B></A>
<P><dl><dt>Пример 1.

<p><dd>3 октября 1996 г. 17 часов, 15 минут, 40 секунд

<P>005 19961003171540.3  
<P>[последние два знака обозначают десятые доли секунды]
</dl>
<p>
<hr>
<p>
<B><A NAME="p100"><BIG>1-- БЛОК КОДИРОВАННОЙ ИНФОРМАЦИИ</BIG></A></B>
<p><b>100 ДАННЫЕ ОБЩЕЙ ОБРАБОТКИ</b>
<P><dl><dt>Пример 1.
<p><dd>5 октября 1996 г.:
<p>100 ##$a19961005.....

<p><dt><a name="p1002">Пример 2.</a>
<p><dd>Передача осуществляется в 8-битном коде с использованием набора символов латинского алфа-вита GO ISO 646 и расширенного набора символов латинского алфавита G1 ISO 5426.
<p>100 ##$a************0103

<P><dt>Пример 3.
<p><dd>Передача данных осуществляется в 7-битном коде с использованием только ISO 646.
<p>100 ##$a************01##
</dl>

<p>
<hr>
<p>

<b><A NAME="p150">150 ПОЛЕ КОДИРОВАННЫХ ДАННЫХ ДЛЯ НАИМЕНОВАНИЙ ОРГАНИЗАЦИЙ</A></b>
<P><dl><dt>Пример 1.
<p><dd>001 9917215<br>
005 19960405163340.0<br>
100 ##$a19960315arusy0102####ca<br>
150 ##$ay<br>
210 02$aМосковское высшее художественно-пром. уч-ще

<p><dt>Пример 2.
<p><dd>001 9917216<br>
005 19960326114032.0<br>
100 ##$a19960314arusy0102####ca<br>
150 ##$ay<br>
210 12$aПроблемы развития минерально-сырьевой базы платиновых металлов России, науч.-практ. конф.$f(1995;$eПетрозаводск)
</dl>
<p>
<hr>
<p>
<b><A NAME="p152">152 КОДЫ ПРАВИЛ КАТАЛОГИЗАЦИИ И СИСТЕМЫ ПРЕДМЕТИЗАЦИИ</A></b>
<P><dl><dt>Пример 1.
<p><dd>100 ##$a19960101aengy0102####ba<br>
152 ##$aAACR2$blc<br>
200 #1$aShai,$bMordekhai

<p><dt>Пример 2
<p><dd>100 ##$a19960101aengy0102####ba<br>
152 ##$blc<br>
250 ##$aRed River Valley (Minn. and N.D.-Man.)


<p><dt>Пример 3
<p><dd>100 ##$a19960101aengy0102####ba<br>
152 ##$aAACR2$blc<br>
200 #1$aWagner,$bRichard,$f1813-1883$xPictorial works

<p><dt>Пример 4
<p><dd>100 ##$a19960101afrey0102####ba<br>
152 ##$aAACR2$bcaf<br>
230 ##$aSerie d'etudes de la reglementation gouvernementales

<p><dt>Пример 5
<p><dd>100 ##$a19960101arusy0102####ba<br>
152 ##$aAACR2<br>
215 ##$aCeylon

<p><dt>Пример 6
<p><dd>100 ##$a19960101arusy0102####ca<br>
152 ##$bnlr_sh<br>
200 #1$aБоттингер$gГуго$f1880-1934<br>
[код nlr_sh (National Library of Russia Subject Headings) - система предметных рубрик РНБ]

<p><dt>Пример 7
<p><dd>100 ##$a19960101arusy0102####ca<br>
152 ##$bnlr_sh<br>
200 #0$aСофья Алексеевна$cцаревна$f1657 - 1704

<p><dt>Пример 8
<p><dd><I>Запись 1 (тип записи - x)</I><br>
<p><dd>100 ##$a19960101arusy0102####ca<br>
152 ##$bnlr_sh<br>
210 02$aАкадемия наук СССР$bБиблиотека$c(Ленинград)

<p><dd><I>Запись 2 (тип записи - y)</I>
<p>100 ##$a19960101xrusy0102####ca<br>
152 ##$bnlr_sh<br>
210 02$aБиблиотека Академии наук СССР$с(Ленинград)
</dl>
<p>
<hr>
<p>

<A NAME="p160"><b>160 КОД ГЕОГРАФИЧЕСКОГО РЕГИОНА</b></A>
<p><dl><dt>Пример1.
<p><dd>100 ##$a19960101arusy0102####ca<br>
160 ##$ae-au<br>
215 ##$aАвстрия$xИстория
</dl>

<p>
<hr>
<p><A NAME="p200"><big><b>2-- БЛОК ЗАГОЛОВКОВ</b></big></A>
<p><B>200  ЗАГОЛОВОК - ИМЯ ЛИЦА</b>
<p><dl><dt>Пример 1.
<p><dd>100 ##$a19960101aengy0102####ba<br>
200 #1$aHone,$bDonald,$f1921-

<P><dt>Пример 2.
<p><dd>100 ##$a19960101aengy0102####ba<br>
200 #0$aAlexander$d1,$cEmperor of Russia,$f1771-1825

<P><dt>Пример 3.
<p><dd>100 ##$a19960101aspay0102####ba<br>
200 #1$aRiano y Montero,$bJuan Facundo,$f1828-1901

<P><dt>Пример4.
<p><dd>100 ##$a19960101aengy0102####ba<br>
200 #1$aTolkien,$bY.R.$g(John Ronald Reuel),$f1892-1973

<P><dt>Пример 5.
<p><dd>100 ##$a19960101arusy0102####ca<br>
200 #1$aАйнворт$bУ. X.$g(Уильям Харрисон)$f1805-1882

<P><dt>Пример 6.
<p><dd>100 ##$a19960101arusy0102####ca<br>
210 02$aРоссийская гос. библиотека$c(Москва)


<P><dt>Пример 7.
<p><dd>100 ##$a19960101arusy0102####ca<br>
200 #0$aАгриппа Неттесхеймский$f1486-1535$cНемецкий врач, философ

<P><dt>Пример 8.
<p><dd>100 ##$a19960101arusy0102####ca<br>
200 #1$aАзимов$bАйзек$f1920-1992$cАмериканский писатель

<P><dt>Пример 9.
<p><dd>100 ##$a19960101arusy0102####ca<br>
200 #1$7ba$7caBeethoven$bLudwig van$f1770-1827$cкомпозитор

<P><dt>Пример 10.
<p><dd>100 ##$a19960101arusy0102####ca<br>
200 #1$aАндреев-Кривич$bС.А.$gСергей Александрович$f1906-1973

<P><dt>Пример 11.
<p><dd>100 ##$a19960101arusy0102####ca
200 #0$aМихаил Федорович$cцарь$f1596-1645

<P><dt>Пример 12.
<p><dd>100 ##$a19960101arusy0102####ca<br>
200 #0$aАлександр$dII$cимператор$cимператор Всероссийский$cвеликий 
князь$cцесаревич$cцарь-освободитель$cцарь$f1818-1881

<P><dt>Пример 13.
<p><dd>100 ##$a19960101arusy0102####ca<br>
200 #0$aАлександр$cепископ Иерусалимский$cсвятой$f--251

<P><dt>Пример 14.
<p><dd>100 ##$a19960101arusy0102####ca<br>
200 #1$aГорький$bМ.$g(Максим)$f1868-1936

<P><dt>Пример 15.
<p><dd>100 ##$a19960101arusy0102####ca<br>
200 #1$aРимский-Корсаков$bН.А.$gНиколай Андреевич<br>
400 #1$aРимский$bН.А.$gНиколай Андреевич<br>
400 #1$aКорсаков$bН.А.$gНиколай Андреевич

<P><dt>Пример 16.
<p><dd>100 ##$a19960101arusy0102####ca<br>
200 #1$aВан Фун-Сян$bВ.М.$gВладимир Михайлович

<P><dt>Пример 17.
<p><dd>100 ##$a19960101arusy0102####ca<br>
200 #1$aШвец-Тэнэта-Гурий$bТ.Б.$gТаити Борисовна

<P><dt>Пример 18.
<p><dd>100 ##$a19960101arusy0102####ca<br>
200 #1$aРауль Мартинес Росадо$bA.$gАндреас

<P><dt>Пример 19.
<P><dd>100 ##$a19960101arusy0102####ca<br>
200 #1$aНортон$bЭ.$gЭндрю$f1912-

<P><dt>Пример 20.
<p><dd>100 ##$a19960101arusy0102####ca<br>
200 #1$aЛермонтов$bМ.Ю.$gМихаил Юрьевич$f1814-1841

<p><dt>Пример 21.
<p><dd>100 ##$a19960101arusy0102####ca<br>
200 #1$aЩукин$bА.И.$gАлексей Иванович

<P><dt>Пример 22
<P><dd>100 ##$a19960101arusy0102####ca<br>
200 #1$aЛебедев$bА.А.$gАлександр Александрович

<p><dt>Пример 23
<P><dd>100 ##$a19960101arusy0102####ca<br>
200 #1$aЛебедев$bА.А.$gАлександр Андреевич

<p><dt>Пример 24
<P><dd>100 ##$a19960101arusy0102####ca<br>
200 #0$aПетр от Вознесенья

<p><dt>Пример 25
<P><dd>100 ##$a19960101arusy0102####ca<br>
200 #0$aБорис$cкнязь

<p><dt>Пример 26
<P><dd>100 ##$a19960101arusy0102####ca<br>
200 #0$8lat$8rus$aPaulus$dVI$cпапа$f1897-1978

<p><dt>Пример 27
<p><dd><I>Запись 1</I>
<p><dd>100 ##$a19960101arusy0102####ca<br>
200 #1$aТургенев$bИ.С.$gИван Сергеевич$f1818-1883

<p><I>Запись 2</I>
<p><dd>
100 ##$a19960101arusy0102####ca<br>
200 #1$7ba$aTurgenev$bI.S.$gIvan Sergeevic$f1818-1883

<p><dt>Пример 28
<P><dd>100 ##$a19960101arusy0102####ca<br>
200 #1$aКузнецов$bС.Б.$gСергей Борисович

<p><dt>Пример 29
<P><dd>100 ##$a19960101arusy0102####ca<br>
200 #0$aАлександр$cигумен

<p><dt>Пример 30
<P><dd>100 ##$a19960101arusy0102####ca<br>
200 #0$7ba$7ca$aPhilipp$cle Bell$cкороль фр.$dIV$f1285-1314

<p><dt>Пример 31
<P><dd>100 ##$a19960101arusy0102####ca<br>
200 #1$7ba$8fre$аDumas$bA.$gAlexandr$cpere$f1802-1870

<p><dt>Пример 32
<P><dd>100 ##$a19960101arusy0102####ca<br>
200 #1$7ba$8fre$aDumas$bA.$gAlexandr$cfils$f1824-1895

<p><dt>Пример 33
<P><dd>100 ##$a19960101arusy0102####ca<br>
200 #1$aБоголюбов$bН.Н.$gНиколай Николаевич$cмл.

<p><dt>Пример 34
<P><dd>100 ##$a19960101arusy0102####ca<br>
200 #0$aИоанн Павел$dII$cпапа римский

<p><dt>Пример 35
<P><dd>100 ##$a19960101arusy0102####ca<br>
200 #0$aГенрих$dIV$cкороль фр.

<p><dt>Пример 36
<P><dd>100 ##$a19960101arusy0102####ca<br>
200 #0$aПетр Дамаскин$f12 век

<p><dt>Пример 37
<P><dd>100 ##$a19960101arusy0102####ca<br>
200 #0$aПетр$dI$cимп.$f1672- 1725

<p><dt>Пример 38
<P><dd>100 ##$a19960101arusy0102####ca<br>
200 #1$aБелов$bВ.И.$gВиктор Иванович

<p><dt>Пример 39
<P><dd>100 ##$a19960101arusy0102####ca<br>
200 #0$aНиколай$dII$cимп.$f1868-1918

<p><dt>Пример 40
<P><dd>100 ##$a19960101arusy0102####ca<br>
200 #0$aСофья Алексеевна$cцаревна$f1657-1704

<p><dt>Пример 41
<P><dd>100 ##$a19960101arusy0102####ca<br>
200 #0$aАбу Абдуллах ибн Шараф$fум. ок. 1067

<p><dt>Пример 42
<P><dd>100 ##$a19960101arusy0102####ca<br>
152 ##$bnlr_sh<br>
200 #0$aАлександр Борджиа$dVI$cпапа римский$f1442 - 1503

<p><dt>Пример 43
<P><dd>100 ##$a19960101arusy0102####ca<br>
152 ##$bnlr_sh<br>
200 #1$aЖолио-Кюри$bИ.$gИрен$f1897 - 1956$xБиография

<p><dt>Пример 44.
<P><dd>100 ##$a19960101arusy0102####ca<br>
152 ##$bnlr_sh<br>
200 #1$aБут$bН.Я.$gНиколай Яковлевич$f1928-$xВыставки$yМосква$z1985

<p><dt>Пример 45.
<P><dd>100 ##$a19960126arusy0102####ca<br>
200 #1$bГлинка$bМ.И.$gМихаил Иванович<br>
200 #1$7ba$bGlinka$bM.I.$gMikhail Ivanovich

[в данном примере поле 200 повторяется для заголовков в альтернативной графике]
</dl>
<p>
<hr>
<p>

<B><A NAME="p210">210 ЗАГОЛОВОК - НАИМЕНОВАНИЕ ОРГАНИЗАЦИИ</A></b>

<p><dl><dt>Пример 1.
<p><dd>100 ##$a19960101aengy0102####ba<br>
210 02$aBrunel University.$bEducation Liaison Centre

<p><dt>Пример 2
<P><dd>100 ##$a19960101aengy0102####ba<br>
210 01$aOntario.$bOffice of Arbitration

<p><dt>Пример 3
<P><dd>100 ##$a19960101apoly0102####ba<br>
210 02$aPomorski muzej.$c(Kotor)

<p><dt>Пример 4
<P><dd>100 ##$a19960101aengy0102####ba<br>
210 112$aLabour Party$c(Great Brietain)$bConference$d(72nd:$f1972:$eBlackpool, Lancashire)

<p><dt>Пример 5
<P><dd>100 ##$a19960101aengy0102####ba<br>
210 12$aNorth Carolina Conference on Water Conservation$f(1975:$eRaleigh)$xPeriodicals

<p><dt>Пример 6
<P><dd>100 ##$a19960101arusy0102####ca<br>
210 02$7ca$8rus$aРоссийская государственная библиотека$c(Москва)

<p><dt>Пример 7
<P><dd>100 ##$a19960101arusy0102####ca<br>
210 02$aАкадемия естествознания$c(Галле)

<p><dt>Пример 8
<P><dd>100 ##$a19960101arusy0102####ca<br>
210 02$aАрхангельское мореходное училище

<p><dt>Пример 9
<P><dd>100 ##$a19960101arusy0102####ca<br>
210 12$aАнадырско-чукотская экспедиция$f1932

<p><dt>Пример 10
<P><dd>100 ##$a19960101arusy0102####ca<br>
210 00$aЭлинин$gР.,$hлитературно-издат. агентство$c(Москва)

<p><dt><A NAME="p21011">Пример 11</A>
<P><dd>100 ##$a19960101arusy0102####ca<br>
210 10$aБут,$gНиколай Яковлевич,$hСевастьянов, Геннадий Кириллович.$cВыставка
произведений "Выполняя интернациональный долг. Алжир. Люди, победившие смерть"$f(1985;$eМосква)


<p><dt>Заголовок коллективного автора для издания:
<p><dd>&nbsp;&nbsp;&nbsp;&nbsp;&nbsp;Выполняя интернациональный долг. Афганские зарисовки: Нар. худож. РСФСР, засл. деят. искусств Чеч.-Инг. АССР, лауреат Гос. премии УССР им. Т.Г.Шевченко Николай Бут. Засл. худож. РСФСР Геннадий Севостьянов. [Живопись, графика. кат. выст.] - М.: Студия воен. художников, 1985. - [23]&nbsp; с., ил., 29 см<BR>
&nbsp;&nbsp;&nbsp;&nbsp;&nbsp;В надзаг.: Студия воен. художников им. М.Б.Грекова.

<p><dt>В соответствии с методикой предметизации данному изданию будет дана предметная рубрика-персоналия (а не наименование организации):
<p><dd>100 ##$a19960101arusy0102####ca<br>
200 #1$aБут$bН.Я. $gНиколай Яковлевич $f1928-$xВыставки $yМосква$z1985<br>
200 #1$aСевостьянов$bГ.К.$gГеннадий Кириллович$f1938$xВыставки $yМосква$z1985

<p><dt><A NAME="p21012">Пример 12</A>
<P><dd>100 ##$a19960101arusy0102####ca<br>
210 10$aСмирнов,$gА.В.$сВыставка произведений$d(2; $f 1991; $e Москва)

<p><dt>Заголовок коллективного автора для издания:
<p><dd>&nbsp;&nbsp;&nbsp;&nbsp;&nbsp;Александр Смирнов: Скульптура, графика: Кат. выст. [Авт. вступ. ст. и сост. З.К.Мзокова] - М.: Сов.художник, 1991. - [32] с.: ил. 32 см.<BR>
&nbsp;&nbsp;&nbsp;&nbsp;&nbsp;В надзаг.: Моск. орг. Союза художников РСФСР, отд. культуры Сов. райисполкома. Выст. зал Сов. р-на г.Москвы.

<p><dt>В соответствии с методикой предметизации данному изданию будет дана предметная рубрика-персоналия (а не наименование организации):
<p><dd>
100 ##$a19960101arusy0102####ca<br>
200#1$aСмирнов$bА.В.$f1949$xВыставки $yМосква$z1991

<p><dt>Пример 13
<P><dd>100 ##$a19960101arusy0102####ca<br>
210 01$aРоссийская Федерация.$bМ-во финансов.
<p><dt>
Пример 14
<P><dd>100 ##$a19960101arusy0102####ca<br>
210 01$aТула.$bЦентральный район. Отдел образования.

<p><dt>Пример 15
<P><dd>100 ##$a19960101arusy0102####ca<br>
210 01$aРоссия$c(1917, февр.-окт.)$bМ-во земледелия.

<p><dt>Пример 16
<P><dd>100 ##$a19960101arusy0102####ca<br>
210 11$aРоссия$c(1917, февр.-окт.)$bОсобое совещ. по вопросу о земле$f(1917)

<p><dt>
Пример 17
<P><dd>100 ##$a19960101arusy0102####ca<br>
210 02$aИнститут археологии$c(Москва)

<p><dt>Пример 18
<P><dd>100 ##$a19960101arusy0102####ca<br>
210 02$a"Содействие", общественный центр$c(Москва)

<p><dt>Пример 19
<P><dd>100 ##$a19960101arusy0102####ca<br>
210 12$aМеждународная науч. конф. на тему "Государства Центральной Азии: поиск места в мировой политике"$f(1994;$eМосква)

<p><dt>Пример 20
<P><dd>100 ##$a19960101arusy0102####ca<br>
210 12$a"Экология хим. производств, международная науч.- техн.конф."$f(1994;$eСеверодонецк)

<p><dt>Пример 21
<P><dd>100 ##$a19960315arusy0102####ca<br>
150 ##$ay<br>
210 0##2$aМосковское высшее художественно-пром. уч-ще

<p><dt>Пример 22
<P><dd>100 ##$a19960314arusy0102####ca<br>
150 ##$ay<br>
210 12$a"Проблемы развития минерально-сырьевой базы платиновых металлов России", науч.-практ. конф.$f(1995;$eПетрозаводск)

<p><dt>Пример 23
<P><dd>100 ##$a19960327arusy0102####ca<br>
150 ##$ay<br>
210 02$aПетербургский аграрный ун-т

<p><dt>Пример 24
<P><dd>100 ##$a19960405arusy0102####ca<br>
150 ##$ay<br>
210 02$aМосковский художественно-пром. ин-т им. С.Г.Строганова

<p><dt>Пример 25
<P><dd>100 ##$a19960327arusy0102####ca<br>
150 ##$ay<br>
210 02$aТамбовский ун-т им. Г.Р.Державина

<p><dt>Пример 26
<P><dd>100 ##$a19960315arusy0102####ca<br>
150 ##$ay<br>
210 02$aСтрогановское центральное художественно-пром. уч-ще$c(Москва)

<p><dt>Пример 27
<P><dd>100 ##$a19960321arusy0102####ca<br>
150 ##$ay<br>
210 02$aБалтийский техн. ун-т$c(Петербург)$bКафедра иностранных языков

<p><dt>Пример 28
<P><dd>100 ##$a19960321arusy0102####ca<br>
150 ##$ab<br>
210 01$aРеспублика Марий Эл$bКом. по печати и информации

<p><dt>Пример 29
<P><dd>100 ##$a19960322arusy0102####ca<br>
150 ##$ay<br>
210 02$aРоссийская академия наук$bКарельский науч. центр$bОтдел математики и анализа данных

<p><dt>Пример 30
<P><dd>100 ##$a19960325arusy0102####ca<br>
150 ##$ay<br>
210 02$aПоэтов сиверское братство, литературное об-ние

<p><dt>Пример 31
<P><dd>100 ##$a19960516arusy0102####ca<br>
150 ##$ay<br>
210 12$aВсесоюзная конф. по сегнетоэлектричеству$d(5;$f1966;$eДнепропетровск)

<p><dt>Пример 32
<P><dd>100 ##$a19960325arusy0102####ca<br>
150 ##$ay<br>
210 12$aСельскохозяйственная и пром. выставка

<p><dt>Пример 33
<P><dd>100 ##$a19960327arusy0102####ca<br>
150 ##$ay<br>
210 02$aСамарская экон. академия

<p><dt>Пример 34
<P><dd>100 ##$a19960327arusy0102####ca<br>
150 ##$ay<br>
210 02$aТамбовский пед. ин-т

<p><dt>Пример 35
<P><dd>100 ##$a19960327arusy0102####ca<br>
150 ##$ay<br>
210 02$aЛенинградский с.-х. ин-т

<p><dt>Пример 36
<p><dd>00 ##$a19960402arusy0102####ca<br>
150 ##$ay<br>
210 02$aЛенинградский агропедагогический ин-т

<p><dt>Пример 37.
<p><dd>100 ##$a19960404arusy0102####ca<br>
150 ##$ay<br>
210 02$aПушкинский с.-х. ин-т

<p><dt>Пример 38.
<p><dd>100 ##$a19960516arusy0102####ca<br>
150 ##$ay<br>
210 12$aКонференция по физике сегнетоэлектриков$d(13;$f1992;$eТверь)

<p><dt>Пример 39.
<p><dd>100 ##$a19960917arusy0102####ca<br>
210 02$aИнститут эволюционной физиологии и биохимии им. И.М.Сеченова$c(Петербург)

<p><dt>Пример 40.
<p><dd>100 ##$a19960917arusy0102####ca<br>
150 ##$ay<br>
210 02$aВсесоюзный н.-и. центр по безопасности дорожного движения

<p><dt>Пример 41.
<p><dd>100 ##$a19960917arusy0102####ca<br>
150 ##$ay<br>
210 02$aВНИИ безопасности дорожного движения

<p><dt>Пример 42.
<p><dd>100 ##$a19960404arusy0102####ca<br>
150 ##$ay<br>
210 02$aЛенинградский ин-т молочного животноводства



<p><dt>Пример 43.
<p><dd>100 ##$a19960516arusy0102####ca<br>
150 ##$ay<br>
210 12$aВсероссийская конф. по физике сегнетоэлектриков$d(14;$f1995;$eИваново)

<p><dt>Пример 44.
<p><dd>100 ##$a19951112arusy0102####ca<br>
150 ##$aa<br>
210 01$aРоссийская Федерация.$bСовет Федерации.$bКом. по делам Севера и малочис-ленных народов

<p><dt>Пример 45.
<p><dd>100 ##$a19951112arusy0102####ca<br>
150 ##$aa<br>
210 01$aРоссийская Федерация.$bГос. Дума$c(1994-1995)

<p><dt>Пример 46.
<p><dd>100 ##$a19951112arusy0102####ca<br>
150 ##$ay<br>
210 02$aУчебно-научный ин-т судебных экспертиз$c(Ижевск)
</dl>
<p>
<hr>
<p>

<B><A NAME="p215">215 ЗАГОЛОВОК - ГЕОГРАФИЧЕСКОЕ НАЗВАНИЕ</A></b>
<p><dl><dt>Пример 1.
<p><dd>100 ##$a19960101aengy0102####ba<br>
215 ##$aUnited States$xHistory

<p><dt>Пример 2.
<p><dd>100 ##$a19960101aengy0102####ba<br>
215 ##$aOntaria$xHistory$z1801-1900

<p><dt>Пример 3.
<p><dd>100 ##$a19960101aengy0102####ba<br>
215 ##$aParis (Texas)

<p><dt>Пример 4.
<p><dd>100 ##$a19960101arusy0102####ca<br>
215 ##$aБаренцево море$xЗагрязнение$xРадиационный режим

<p><dt>Пример 5.
<p><dd>100 ##$a19960101arusy0102####ca<br>
215 ##$aБайкал (озеро)

<p><dt>Пример 6.
<p><dd>100 ##$a19960101arusy0102####ca<br>
215 ##$aОнтарио$xЭкология<br>
215 ##$7ba$8еng$aOntario$xEcology

<p><dt>Пример 7.
<p><dd>100 ##$a19960101arusy0102####ca<br>
215 ##$aЧерниговское княжество

<p><dt>Пример 8.
<p><dd>100 ##$a19960101arusy0102####ca<br>
215 ##$aСССР$xРаспад государства
</dl>
<p>
<hr>
<p>

<B><A NAME="p220">220  ЗАГОЛОВОК - РОДОВОЕ ИМЯ</A></b>
<p><dl><dt>Пример 1.
<p><dd>100 ##$a19960101arusy0102####ca<br>
220 ##$7ba$8eng$aDuecker family

<p><dt>Пример 2.
<p><dd>100 ##$a19960101arusy0102####ca<br>
220 ##$aРомановы

<p><dt>Пример 3.
<p><dd>100 ##$a19960101arusy0102####ca<br>
220 ##$aБестужевы

<p><dt>Пример 4.
<p><dd>100 ##$a19960101arusy0102####ca<br>
220 ##$aЦветаевы

<p><dt>Пример 5.
<p><dd>100 ##$a19960101arusy0102####ca<br>
220 ##$aГримм(братья)

<p><dt>Пример 6.
<p><dd>100 ##$a19960101arusy0102####ca<br>
220 ##$aБах, семья музыкантов
</dl>
<p>
<hr>
<p>


<B><A NAME="p230">230  ЗАГОЛОВОК - УНИФИЦИРОВАННОЕ ЗАГЛАВИЕ</A></b>
<p><dl><dt>Пример 1.
<p><dd>100 ##$a19960101aengy0102####ba<br>
230 ##$aBiblia.$mEnglish.$qAuthorized.$iSelections

<p><dt>Пример 2.
<p><dd>100 ##$a19960101aengy0102####ba<br>
230 ##$aGodsave the King:$warr

<p><dt>Пример 3.
<p><dd>100 ##$a19960101aengy0102####ba<br>
230 ##$aBeowulf

<p><dt>Пример 4.
<p><dd>100 ##$a19960101aengy0102####ba<br>
230 ##$aCronica de los Reyes de Castilla

<p><dt>Пример 5.
<p><dd>100 ##$a19960101aengy0102####ba<br>
230 ##$aJuliana$m(Middle English)

<p><dt>Пример 6.
<p><dd>100 ##$a19960101aengy0102####ba<br>
230 ##$aKoran$xReadings

<p><dt>Пример 7.
<p><dd>100 ##$a19960101arusy0102####ca<br>
230 ##$aСлово о полку Игореве

<p><dt>Пример 8.
<p><dd>100 ##$a19960101arusy0102####ca<br>
230 ##$aСинодик Путнянской пустыни Путнянского монастыря<br>
[Заглавие рукописи, принятое в науке]

<p><dt>Пример 9.
<p><dd>100 ##$a19960101arusy0102####ca<br>
230 ##$aБиблия$iВетхий Завет$iПятикнижие.

<p><dt>Пример 10.
<p><dd>100 ##$a19960101arusy0102####ca<br>
230 ##$aКитаби Деде Коркуд

<p><dt>Пример 11.
<p><dd>100 ##$a19960101arusy0102####ca<br>
230 ##$aБиблия$k1992$q1499

<p><dt>Пример 12.
<p><dd>100 ##$a19960101arusy0102####ca<br>
230 ##$aБиблия$iВетхий Завет$iПсалтирь$nпер. с евр.

<p><dt>Пример 13.
<p><dd>100 ##$a19960101arusy0102####ca<br>
230 ##$aВисрамиани

<p><dt>Пример 14.
<p><dd>100 ##$a19960101arusy0102####ca<br>
230 ##$aБазилики$lсборник законов

<p><dt>Пример 15.
<p><dd>100 ##$a19960101arusy0102####ca<br>
230 ##$aПетя и Красная Шапочка$lкиносценарий

<p><dt>Пример 16.
<p><dd>100 ##$a19960101arusy0102####ca<br>
230 ##$aТристан и Изольда$qИтальянская версия$xИзучение
</dl>

<p>
<hr>
<p>

<A NAME="p240"><b>240 ЗАГОЛОВОК - ИМЯ / ЗАГЛАВИЕ</b></A>
<p><dl><dt>Пример 1.
<p><dd>100##$a19960101afrey0102####ba<br>
240 ##$1215##$aFrance.$1230##$aBulletin officiel du registre du commerce

<p><dt>Пример 2.
<p><dd>100##$a19960101aengy0102####ba<br>
240 ##$1200#1$aShakespeare,$bWilliam,$f1564-1616.$1230##$aHamlet$xBibliographes

<p><dt>Пример 3.
<p><dd>100##$a19960101arusy0102####ca<br>
240 ##$1200##$aЧайковский$bП.И.$gПетр Ильич$f1840-1893$4230$1230##$aПиковая дама$bНоты$bПартитура$k1890?$lОпера$rсолисты,хор,оркестр$sOp.68

<p><dt>Пример 4.
<p><dd>100##$a19960101arusy0102####ca<br>
240 ##$1200##$aПушкин$bА.С.$gАлександр 
Сергеевич$f1799-1837$4560$444$1230##$aПиковая дама$k1833$lПовесть

<p><dt>Пример 5.
<p><dd><I>Запись 1</I>
<p><dd>100##$a19960101arusy0102####ca<br>
240 ##$7ba$8fre$1200#1$aSuppe$bFranz$4230$1230##$aLa dame de pigue$bMusik?$lOpera<br>
740 ##$1200#1$aЗуппе$bФранц$cкомпозитор$4230$1230##$aПиковая 
дама$bНоты?$lОпера

<p><dd><I>Запись 2</I>
<p><dd>100##$a19960101arusy0102####ca<br>
240 ##$1200#1$aЗуппе$bФранц$cкомпозитор$4230$1230##$aПиковая 
дама$bНоты?$lОпера<br>
740 ##$7ba$8fre$1200#1$aSuppe$bFranz$4230$1230##$aLa dame de pigue$bMusik?$lOpera

<p><dt>Пример 6.
<p><dd>100##$a19960101arusy0102####ca<br>
240 ##$1215##$aРоссийская Федерация$1230##$aКонституция$n(1993)

<p><dt>Пример 7.
<p><dd>100##$a19960321arusy0102####ca<br>
240 ##$1215##$aРеспублика Карелия$1230##$aЗаконы

<p><dt>Пример 8.
<p><dd>100##$a19960321arusy0102####ca<br>
240 ##$1215##$aСССР$1230##$aУставы и наставления

<p><dt>Пример 9.
<p><dd>100##$a19960321arusy0102####ca<br>
240 ##$1215##$aМонголия$1230##$aДоговоры

<p><dt>Пример 10.
<p><dd>100##$a19960321arusy0102####ca<br>
240 ##$1200#1$aСалманов$bВ.Н.$gВадим 
Николаевич$f1912-1978$1230##$aВосьмистишие$xИсполнение
</dl>
<p>
<hr>
<p>

<A NAME="p245"><b>245 ИМЯ / ОБОБЩАЮЩЕЕ УНИФИЦИРОВАННОЕ ЗАГЛАВИЕ</b></A>
<p><dl><dt>Пример 1.
<p><dd>Запись 1
<p><dd>100##$a19960321aengy0102####ba<br>
245 ##$1200#1$aShakespeare$bWilliam,$f1564-1616$12350#$aWorks$mRussian

<p><dd>Запись 2
<p><dd>100##$a19960321arusy0102####ca<br>
245 ##$1200#1$aШекспир$bВильям,$f1564-1616$12350#$aИзбранное$mПер. на рус. язык

<p><dt>Пример 2.
<p><dd>245 ##$1200#1$aШекспир$bВ.$gВильям$f1564-1616$12351#$aИзбранные сочинения$k 1938

<p><dt>Пример 3.
<p><dd>100##$a19960321aengy0102####ba<br>
245 ##$1200#l$aWilde,$bOscar$12352#$aPlays$eSelections

<p><dt>Пример 4.
<p><dd>100##$a19960321arusy0102####ca<br>
245 ##$1200#l$aУайльд,$bОскар$12352#$aПьесы$eИзбранное


<p><dt>Пример 5.
<p><dd>100##$a19960321arusy0102####ca<br>
245 ##$1200#1$aГорький$bМ.$gМаксим$f1868-1936$12350#$aПолное собрание сочинений

<p><dt>Пример 6.
<p><dd>100##$a19960321arusy0102####ca<br>
245 ##$1200#1$aАникушин$bМ.К.$gМихаил Константинович$f1917$12352#$aРисунки

<p><dt>Пример 7.
<p><dd>100##$a19960321arusy0102####ca<br>
245 ##$1220##$aБибиена, семья художников и архитекторов$f17 - 18 вв.$12352#$aРисунки
</dl>
<p>
<hr>
<p>

<A NAME="p250"><b>250 ЗАГОЛОВОК - ТЕМАТИЧЕСКАЯ ПРЕДМЕТНАЯ  РУБРИКА</b></A>
<p><dl><dt>Пример 1.
<p><dd>100##$a19960321aeng0102####ba<br>
250 ##$aEducation$yItaly

<p><dt>Пример 2.
<p><dd>100##$a19960321aengy0102####ba<br>
250 ##$aConstruction industry$xLaw and legislation

<p><dt>Пример 3.
<p><dd>100##$a19960321aengy0102####ba<br>
250 ##$aArchitecture, Modern$z19th century

<p><dt>Пример 4.
<p><dd>100##$a19960321arusy0102####ca<br>
250 ##$aВоздушный транспорт

<p><dt>Пример 5.
<p><dd>100##$a19960321arusy0102####ca<br>
250 ##$aНаучная фантастика$yСША$zXX век

<p><dt>Пример 6.
<p><dd>100##$a19960321arusy0102####ca<br>
250 ##$aВеликая Отечественная война$z1941 - 1945$хПартизанское движение$yБелорусская ССР

<p><dt>Пример 7.
<p><dd>100##$a19960321arusy0102####ca<br>
250 ##$aПехота$yГермания$хИстория$z1940 - 1945

<p><dt>Пример 8.
<p><dd>100##$a19960321arusy0102####ca<br>
250 ##$aЖелезные дороги$хВодопроводные сети$хПрочистка$хГидропневматический метод
</dl>



<p><center>[ <a href="content.htm">Содержание</a> ]</center>
</small>
</td></tr>
</table></center>

<p>
<center><HR width="90%"></center>

<center>
<ADDRESS>
<a href="mailto:RusmarcServ@nlr.ru">RusmarcServ@nlr.ru</a></ADDRESS>

<ADDRESS>
<small>&copy; National Library of Russia, 1998</small>
</ADDRESS></center>

</body>
</html>